%% CHAPTER 1
@misc{Internet1,
	author = {internetworldstats.com},	
	title = {Internet Users in the World Distribution by World Regions - 2014 Q2},
	url = {http://www.internetworldstats.com/stats.htm},
	urldate = {Accessed: 2015-05-10},
	year = {2014},
}

@misc{Internet2,
	author = {internetworldstats.com},	
	title = {Internet Users in the World Distribution by World Regions - 2014 Q2},
	url = {http://www.itu.int/en/ITU-D/Statistics/Documents/facts/ICTFactsFigures2014-e.pdf},
	urldate = {Accessed: 2015-05-10},
	year = {2014},
}

@misc{Internet3,
	author = {BBC News},	
	title = {Facebook restricts violent video clips and photos},
	url = {http://www.bbc.com/news/technology-30793702},
	urldate = {Accessed: 2015-05-10},
	year = {2015},
}


@article {JASP:JASP145,
	author = {Zillmann, Dolf and Weaver, James B.},
	title = {Effects of Prolonged Exposure to Gratuitous Media Violence on Provoked and Unprovoked Hostile Behavior1},
	journal = {Journal of Applied Social Psychology},
	volume = {29},
	number = {1},
	publisher = {Blackwell Publishing Ltd},
	issn = {1559-1816},
	url = {http://dx.doi.org/10.1111/j.1559-1816.1999.tb01379.x},
	doi = {10.1111/j.1559-1816.1999.tb01379.x},
	pages = {145--165},
	year = {1999},
}


%% Chapper 2
@article{over2011trecvid,
	title={TRECVID 2010--An overview of the goals, tasks, data, evaluation mechanisms, and metrics},
	author={Over, Paul and Awad, George M and Fiscus, Jon and Antonishek, Brian and Michel, Martial and Smeaton, Alan F and Kraaij, Wessel and Qu{\'e}not, Georges},
	year={2011},
	publisher={National Institute of Standards and Tchnology}
}

%% CHAPTER 1
@inproceedings{trecvid10:cuucf, 
   Author = {Jiang, Yu-Gang and Zeng, Xiaohong and Ye, Guangnan and Bhattacharya, Subhabrata and Ellis, Dan and Shah, Mubarak and Chang, Shih-Fu},
   Title = {Columbia-UCF TRECVID2010 Multimedia Event Detection: Combining Multiple Modalities, Contextual Concepts, and Temporal Matching},
   BookTitle = {NIST TRECVID Workshop},
   Address = {Gaithersburg, MD},
   Month = {November},
   Year = {2010}
} 

@inproceedings{trecvid10:IBM,
    author = {Matthew Hill and Gang Hua and Apostol Natsev and John R. Smith and Lexing Xie and Bert Huang and Michele Merler and Hua Ouyang and Mingyuan Zhou},
    title = {IBM Research TRECVID-2010 Video Copy Detection and Multimedia Event Detection System },
    booktitle = {NIST TRECVID Workshop},
    Address = {Gaithersburg, MD},
    Month = {November},
    year = {2010}
}

@inproceedings{DBLP:conf/trecvid/MatsuoN10,
  author    = {Takeshi Matsuo and Shinichi Nakajima},
  title     = {Nikon Multimedia Event Detection System},
  booktitle = {NIST TRECVID Workshop},
  address = {Gaithersburg, MD},
  Month = {November},
  year      = {2010},
}

@inproceedings{NIST-TRECVID11:BBN-DVMM, 
   Author = {P. Natarajan and V. Manohar and S. Wu and S. Tsakalidis and S. N. Vitaladevuni and X. Zhuang and R. Prasad and Guangnan Ye and Dong Liu},
   Title = {BBN VISER TRECVID 2011 Multimedia Event Detection System},
   BookTitle = {NIST TRECVID Workshop},
   Address = {Gaithersburg, MD},
   Month = {December},
   Year = {2011}
} 

@inproceedings{NIST-TRECVID12:BBN-DVMM, 
   Author = {P. Natarajan and P. Natarajan and S. Wu and X. Zhuang and A. Vazquez-Reina and S. N. Vitaladevuni and K. Tsourides and C. Andersen and R. Prasad and G. Ye and D. Liu and S. Chang and I. Saleemi and M. Shah and Y. Ng and B. White and A. Gupta and I. Haritaoglu},
   Title = {BBN VISER TRECVID 2012 Multimedia Event Detection and Multimedia Event Recounting Systems},
   BookTitle = {NIST TRECVID Workshop},
    address = {Gaithersburg, {\'E}tats-Unis},
   Year = {2012}
}


%% hal-00746874, version 1
%% http://hal.inria.fr/hal-00746874
@inproceedings{oneata:hal-00746874,
    hal_id = {hal-00746874},
    url = {http://hal.inria.fr/hal-00746874},
    title = {{AXES at TRECVid 2012: KIS, INS, and MED}},
    author = {Oneata, Dan and Douze, Matthijs and Revaud, J{\'e}r{\^o}me and Jochen, Schwenninger and Potapov, Danila and Wang, Heng and Harchaoui, Zaid and Verbeek, Jakob and Schmid, Cordelia and Aly, Robin and Mcguiness, Kevin and Chen, Shu and O'Connor, Noel and Chatfield, Ken and Parkhi, Omkar and Arandjelovic, Relja and Zisserman, Andrew and Basura, Fernando and Tuytelaars, Tinne},
    booktitle = {{TRECVID Workshop}},
    address = {Gaithersburg, {\'E}tats-Unis},
    type = {Non sp{\'e}cifi{\'e}e},
    audience = {internationale },
    collaboration = {grid'5000 },
    year = {2012},
}
 
@article{Lowe:2004,
  author    = {David G. Lowe},
  title     = {Distinctive Image Features from Scale-Invariant Keypoints},
  journal   = {International Journal of Computer Vision},
  volume    = {60},
  number    = {2},
  year      = {2004},
  pages     = {91-110},
  ee        = {http://dx.doi.org/10.1023/B:VISI.0000029664.99615.94},
  bibsource = {DBLP, http://dblp.uni-trier.de}
}

@inproceedings{wang:2011:inria-00583818:1,
  AUTHOR = {Heng Wang and Alexander Kl{\"a}ser and Cordelia Schmid and Cheng-Lin Liu},
  TITLE = {{Action Recognition by Dense Trajectories}},
  BOOKTITLE = {IEEE Conference on Computer Vision \& Pattern Recognition},
  YEAR = {2011},
  MONTH = {June},
  PAGES = {3169-3176},
  ADDRESS = {Colorado Springs, United States},
  URL = {http://hal.inria.fr/inria-00583818/en}
}

@INPROCEEDINGS{Lee1998MFCC, 
author={Chin-Hui Lee and Soong, F.K. and Bing-Hwang Juang}, 
booktitle={International Conference on Acoustics, Speech, and Signal Processing, 1988. ICASSP-88.}, 
title={A segment model based approach to speech recognition}, 
year={1988}, 
pages={501 -541 vol.1}, 
doi={10.1109/ICASSP.1988.196629}, 
ISSN={1520-6149}
}

@InProceedings{DBLP:DalalT05,
  author       = "Navneet Dalal and Bill Triggs",
  title        = "Histograms of Oriented Gradients for Human Detection",
  booktitle    = "International Conference on Computer Vision \& Pattern Recognition",
  volume       = "2",
  pages        = "886-893",
  month        = "June",
  year         = "2005",
  address      = "INRIA Rh\^one-Alpes, ZIRST-655, av. de l'Europe, Montbonnot-38334",
  keywords     = "LEAR, ACEMEDIA, LAVA",
  url          = "http://lear.inrialpes.fr/pubs/2005/DT05"
}

@INPROCEEDINGS{Dalal06humandetection,
    author = {Navneet Dalal and Bill Triggs and Cordelia Schmid},
    title = {Human detection using oriented histograms of flow and appearance},
    booktitle = {European Conference on Computer Vision},
    year = {2006},
    keywords     = "ACEMEDIA, LEAR",
    url          = "http://lear.inrialpes.fr/pubs/2006/DTS06",
    publisher = {Springer}
}


@InProceedings{Klaser08BMVC,
  author       = "Alexander Kl{\"a}ser and Marcin Marsza{\l}ek and Cordelia Schmid",
  title        = "A Spatio-Temporal Descriptor Based on 3D-Gradients",
  booktitle    = "British Machine Vision Conference",
  pages        = "995--1004",
  month        = "sep",
  year         = "2008",
  keywords     = "LEAR, CLASS, action recognition, BOW, 3D, SIFT, descriptor, gradients, videos, KTH, Weizmann, Hollywood",
  url          = "http://lear.inrialpes.fr/pubs/2008/KMS08"
}

@INPROCEEDINGS{Laptev03space-timeinterest,
    author = {Ivan Laptev and Tony Lindeberg},
    title = {Space-time Interest Points},
    booktitle = {ICCV},
    year = {2003},
    pages = {432--439},
    publisher = {}
}

@article{Laptev:2005:SIP,
  author    = {Ivan Laptev},
  title     = {On Space-Time Interest Points},
  journal   = {International Journal of Computer Vision},
  volume    = {64},
  number    = {2-3},
  year      = {2005},
  pages     = {107-123},
  ee        = {http://dx.doi.org/10.1007/s11263-005-1838-7},
  bibsource = {DBLP, http://dblp.uni-trier.de}
}

@InProceedings{Laptev08CVPR,
  author       = {Ivan Laptev and Marcin Marsza{\l}ek and Cordelia Schmid and Benjamin Rozenfeld},
  title        = {Learning Realistic Human Actions from Movies},
  booktitle    = {Conference on Computer Vision \& Pattern Recognition},
  month        = {June},
  year         = {2008},
  keywords     = {LEAR},
  url          = {http://lear.inrialpes.fr/pubs/2008/LMSR08}
}

@INPROCEEDINGS{Laptev_b.:learning,
    author = {Ivan Laptev and Marcin Marszałek and Cordelia Schmid and Benjamin Rozenfeld and Inria Rennes and Irisa Inria Grenoble and Lear Ljk},
    title = {B.: Learning realistic human actions from movies},
    booktitle = {CVPR. (2008},
    year = {}
}

@INPROCEEDINGS{Wang09evaluationof,
    author = {Heng Wang and Muhammad Muneeb Ullah and Alexander Kläser and Ivan Laptev and Cordelia Schmid},
    title = {Evaluation of local spatio-temporal features for action recognition},
    booktitle = {University of Central Florida, U.S.A},
    year = {2009}
}

@inproceedings{Matikainen_2009_6466,
   author = {Pyry Matikainen and Martial Hebert and Rahul Sukthankar},
   title = {Trajectons: Action Recognition Through the Motion Analysis of Tracked Features},
   booktitle = {Workshop on Video-Oriented Object and Event Classification, ICCV 2009},
   month = {September},
   year = {2009},
}


@inproceedings{Chen_mosift,
    author = {M. Chen and A. Hauptmann},
    title = {Mosift: Recognizing human actions in surveillance videos},
    booktitle = {Computer Science Department, CMU-CS-09-161},
    year = {2009},
}

@InProceedings{vandeSandeTPAMI2010,
  author       = "van de Sande, K. E. A. and Gevers, T. and Snoek, C. G. M.",
  title        = "Evaluating Color Descriptors for Object and Scene Recognition",
  booktitle    = "IEEE Transactions on Pattern Analysis and Machine Intelligence",
  volume       = "32",
  pages        = "1582--1596",
  year         = "2010",
}

@INPROCEEDINGS{Csurka04visualcategorization,
    author = {Gabriella Csurka and Christopher R. Dance and Lixin Fan and Jutta Willamowski and Cédric Bray},
    title = {Visual categorization with bags of keypoints},
    booktitle = {Workshop on Statistical Learning in Computer Vision, ECCV},
    year = {2004},
    pages = {1--22}
}

@inproceedings{Jiang:2007:TOB,
 author = {Jiang, Yu-Gang and Ngo, Chong-Wah and Yang, Jun},
 title = {Towards optimal bag-of-features for object categorization and semantic video retrieval},
 booktitle = {Proceedings of the 6th ACM international conference on Image and Video Retrieval},
 year = {2007},
 location = {Amsterdam, The Netherlands},
 pages = {494--501},
} 

@article{tmm10:yjiang,
   Author = {Jiang, Yu-Gang and Yang, Jun and Ngo, Chong-Wah and Hauptmann, Alexander G.},
   Title = {Representations of Keypoint-Based Semantic Concept Detection: A Comprehensive Study},
   Journal = {IEEE Transactions on Multimedia},
   Volume = {12},
   Pages = {42--53},
   Year = {2010}
}

@INPROCEEDINGS{Dalal06ECCV,
    author = {Navneet Dalal and Bill Triggs and Cordelia Schmid},
    title = {Human detection using oriented histograms of flow and appearance},
    booktitle = {European Conference on Computer Vision},
    year = {2006},
    publisher = {Springer}
}

@inproceedings{DBLP:conf/eccv/JiangYY12,
  author    = {Yuning Jiang and
               Junsong Yuan and
               Gang Yu},
  title     = {Randomized Spatial Partition for Scene Recognition},
  booktitle = {ECCV (2)},
  year      = {2012},
  pages     = {730-743},
  ee        = {http://dx.doi.org/10.1007/978-3-642-33709-3_52},
  bibsource = {DBLP, http://dblp.uni-trier.de}
}

@article{DBLP:livaT01,
  author    = {Aude Oliva and
               Antonio Torralba},
  title     = {Modeling the Shape of the Scene: A Holistic Representation
               of the Spatial Envelope},
  journal   = {International Journal of Computer Vision},
  volume    = {42},
  number    = {3},
  year      = {2001},
  pages     = {145-175},
  ee        = {http://dx.doi.org/10.1023/A:1011139631724},
  bibsource = {DBLP, http://dblp.uni-trier.de}
}

@article{Yuan2011PAMI, 
author={Junsong Yuan and Zicheng Liu and Ying Wu}, 
journal={Pattern Analysis and Machine Intelligence, IEEE Transactions on}, 
title={Discriminative Video Pattern Search for Efficient Action Detection}, 
year={2011}, 
month={sept. }, 
volume={33}, 
number={9}, 
pages={1728 -1743}, 
doi={10.1109/TPAMI.2011.38}, 
ISSN={0162-8828}
}

@article{duan2012visual,
  title={Visual event recognition in videos by learning from web data},
  author={Duan, Lixin and Xu, Dong and Tsang, Ivor Wai-Hung and Luo, Jiebo},
  journal={Pattern Analysis and Machine Intelligence, IEEE Transactions on},
  volume={34},
  number={9},
  pages={1667--1680},
  year={2012},
  publisher={IEEE}
}

@inproceedings{duan2012exploiting,
  title={Exploiting web images for event recognition in consumer videos: A multiple source domain adaptation approach},
  author={Duan, Lixin and Xu, Dong and Chang, Shih-Fu},
  booktitle={IEEE Conference on Computer Vision and Pattern Recognition (CVPR)},
  pages={1338--1345},
  year={2012},
  organization={IEEE}
}

@article{xu2008video,
  title={Video event recognition using kernel methods with multilevel temporal alignment},
  author={Xu, Dong and Chang, Shih-Fu},
  journal={IEEE Transactions on Pattern Analysis and Machine Intelligence},
  volume={30},
  number={11},
  pages={1985--1997},
  year={2008},
  publisher={IEEE}
}

@article{Guimaraes:2003,
 author = {Guimar\~{a}es, Silvio Jamil Ferzoli and Couprie, Michel and Ara\'{u}jo, Arnaldo de Albuquerque and Leite, Neucimar Jer\^{o}nimo},
 title = {Video segmentation based on 2D image analysis},
 journal = {Pattern Recogn. Lett.},
 issue_date = {April 2003},
 volume = {24},
 number = {7},
 month = apr,
 year = {2003},
 issn = {0167-8655},
 pages = {947--957},
 numpages = {11},
 publisher = {Elsevier Science Inc.},
 address = {New York, NY, USA},
} 

%% CHAPTER 2
@InProceedings{marszalek09,
	author = "Marcin Marsza{\l}ek and Ivan Laptev and Cordelia Schmid",
	title = "Actions in Context",
	booktitle = "IEEE Conference on Computer Vision \& Pattern Recognition",
	year = "2009"
}

@INPROCEEDINGS{Rodriguez2008, 
	author={Rodriguez, M.D. and Ahmed, J. and Shah, M.}, 
	booktitle={Computer Vision and Pattern Recognition, 2008. CVPR 2008. IEEE Conference on}, 
	title={Action MACH a spatio-temporal Maximum Average Correlation Height filter for action recognition}, 
	year={2008}, 
	month={June}, 
	pages={1-8}, 
}


@article{Koenderink:1999,
	author = {Koenderink, Jan J. and Van Doorn, Andrea J.},
	title = {The Structure of Locally Orderless Images},
	journal = {Int. J. Comput. Vision},
	volume = {31},
	number = {2-3},
	month = apr,
	year = {1999},
	pages = {159--168},
} 


@inproceedings{serre2005object,
	title={Object recognition with features inspired by visual cortex},
	author={Serre, Thomas and Wolf, Lior and Poggio, Tomaso},
	booktitle={Computer Vision and Pattern Recognition, 2005. CVPR 2005. IEEE Computer Society Conference on},
	volume={2},
	pages={994--1000},
	year={2005},
	organization={IEEE}
}

@ARTICLE{Serre05objectrecognition,
	author = {Thomas Serre and Lior Wolf and Tomaso Poggio},
	title = {Object recognition with features inspired by visual cortex},
	booktitle={IEEE Conference on Computer Vision and Pattern Recognition (CVPR)},
	year = {2005},
	pages = {994--1000}
}

@article{DBLP:journals/vlsisp/PhanNLTLDS14,
	author    = {Sang Phan and
	Thanh Duc Ngo and
	Vu Lam and
	Son Tran and
	Duy-Dinh Le and
	Duc Anh Duong and
	Shin'ichi Satoh},
	title     = {Multimedia Event Detection Using Segment-Based Approach
	for Motion Feature},
	journal   = {Signal Processing Systems},
	volume    = {74},
	number    = {1},
	year      = {2014},
	pages     = {19-31},
	ee        = {http://dx.doi.org/10.1007/s11265-013-0825-4},
	bibsource = {DBLP, http://dblp.uni-trier.de}
}

@Inproceedings{elkan2003using,
	title={Using the triangle inequality to accelerate k-means},
	author={Elkan, Charles},
	booktitle={ICML},
	volume={3},
	pages={147--153},
	year={2003}
}

@article{lloyd1982least,
	title={Least squares quantization in PCM},
	author={Lloyd, Stuart},
	journal={Information Theory, IEEE Transactions on},
	volume={28},
	number={2},
	pages={129--137},
	year={1982},
	publisher={IEEE}
}

@inproceedings{muja2009fast,
	title={Fast Approximate Nearest Neighbors with Automatic Algorithm Configuration.},
	author={Muja, Marius and Lowe, David G},
	booktitle={VISAPP (1)},
	pages={331--340},
	year={2009}
}

@article{chang2011libsvm,
	title={LIBSVM: a library for support vector machines},
	author={Chang, Chih-Chung and Lin, Chih-Jen},
	journal={ACM Transactions on Intelligent Systems and Technology (TIST)},
	volume={2},
	number={3},
	pages={27},
	year={2011},
	publisher={ACM}
}


%% CHAPTER 3
@inproceedings{oneata2013action,
	title={Action and event recognition with Fisher vectors on a compact feature set},
	author={Oneata, Dan and Verbeek, Jakob and Schmid, Cordelia},
	booktitle={ICCV},
	year={2013},
	organization={IEEE}
}

@inproceedings{tang2012learning,
	title={Learning latent temporal structure for complex event detection},
	author={Tang, Kevin and Fei-Fei, Li and Koller, Daphne},
	booktitle={CVPR},
	pages={1250--1257},
	year={2012},
	organization={IEEE}
}

@inproceedings{vahdat2013compositional,
	title={Compositional models for video event detection: A multiple kernel learning latent variable approach},
	author={Vahdat, Arash and Cannons, Kevin and Mori, Greg and Oh, Sangmin and Kim, Ilseo},
	booktitle={ICCV},
	pages={1185--1192},
	year={2013},
	organization={IEEE}
}

@inproceedings{lai2014video,
	title={Video event detection by inferring temporal instance labels},
	author={Lai, Kuan-Ting and Yu, Felix X and Chen, Ming-Syan and Chang, Shih-Fu},
	booktitle={CVPR},
	pages={2251--2258},
	year={2014},
	organization={IEEE}
}

@incollection{lai2014recognizing,
	title={Recognizing Complex Events in Videos by Learning Key Static-Dynamic Evidences},
	author={Lai, Kuan-Ting and Liu, Dong and Chen, Ming-Syan and Chang, Shih-Fu},
	booktitle={ECCV},
	year={2014},
}

@inproceedings{chen2014event,
	title={Event-driven semantic concept discovery by exploiting weakly tagged internet images},
	author={Chen, Jiawei and Cui, Yin and Ye, Guangnan and Liu, Dong and Chang, Shih-Fu},
	booktitle={ICMR},
	year={2014},
}

@inproceedings{wu2014zero,
	title={Zero-shot Event Detection using Multi-modal Fusion of Weakly Supervised Concepts},
	author={Wu, Shuang and Bondugula, Sravanthi and Luisier, Florian and Zhuang, Xiaodan and Natarajan, Pradeep},
	booktitle={CVPR},
	pages={2665--2672},
	year={2014},
	organization={IEEE}
}

@inproceedings{bhattacharya2014minimally,
	title={Minimally needed evidence for complex event recognition in unconstrained videos},
	author={Bhattacharya, Subhabrata and Yu, Felix X and Chang, Shih-Fu},
	booktitle={ICMR},
	year={2014},
}

@article{zhou2014places,
	title={{Learning Deep Features for Scene Recognition using Places Database.}},
	author={Zhou, B. and Lapedriza, A. and Xiao, J. and Torralba, A. and Oliva, A.},
	journal={NIPS},
	year={2014}
}

@INPROCEEDINGS{Wang2013,
	author={Heng Wang and Cordelia Schmid},
	title={Action Recognition with Improved Trajectories},
	booktitle={ICCV},
	year={2013},
	organization={IEEE}
}

@inproceedings{andrews2002support,
	title={Support vector machines for multiple-instance learning},
	author={Andrews, Stuart and Tsochantaridis, Ioannis and Hofmann, Thomas},
	booktitle={NIPS},
	pages={561--568},
	year={2002}
}



%%%% chapter 2


@article{LibSVM,
	author = {Chang, Chih-Chung and Lin, Chih-Jen},
	title = {{LIBSVM}: A library for support vector machines},
	journal = {ACM Transactions on Intelligent Systems and Technology},
	volume = {2},
	issue = {3},
	year = {2011},
	pages = {27:1--27:27},
	note =	 {Software available at \url{http://www.csie.ntu.edu.tw/~cjlin/libsvm}}
}
@inproceedings{wang_dense,
	AUTHOR = {Heng Wang and Alexander Kl{\"a}ser and Cordelia Schmid and Cheng-Lin Liu},
	TITLE = {{Action Recognition by Dense Trajectories}},
	BOOKTITLE = {IEEE Conference on Computer Vision \& Pattern Recognition},
	YEAR = {2011},
	MONTH = Jun,
	PAGES = {3169-3176},
	ADDRESS = {Colorado Springs, United States},
	URL = {http://hal.inria.fr/inria-00583818/en}
}
@inproceedings{nam1998audio,
	title={Audio-visual content-based violent scene characterization},
	author={Nam, Jeho and Alghoniemy, Masoud and Tewfik, Ahmed H},
	booktitle={Image Processing, 1998. ICIP 98. Proceedings. 1998 International Conference on},
	volume={1},
	pages={353--357},
	year={1998},
	organization={IEEE}
}

@article{liu2004conceptnet,
	title={ConceptNet—a practical commonsense reasoning tool-kit},
	author={Liu, Hugo and Singh, Push},
	journal={BT technology journal},
	volume={22},
	number={4},
	pages={211--226},
	year={2004},
	publisher={Springer}
}
@inproceedings{demarty2014benchmarking,
	title={Benchmarking Violent Scenes Detection in movies},
	author={Demarty, Claire-Helene and Ionescu, Bogdan and Jiang, Yu-Gang and Quang, Vu Lam and Schedl, Markus and Penet, Cedric},
	booktitle={Content-Based Multimedia Indexing (CBMI), 2014 12th International Workshop on},
	pages={1--6},
	year={2014},
	organization={IEEE}
}
@inproceedings{dai2013fudan,
	title={Fudan at MediaEval 2013: Violent Scenes Detection Using Motion Features and Part-Level Attributes.},
	author={Dai, Qi and Tu, Jian and Shi, Ziqiang and Jiang, Yu-Gang and Xue, Xiangyang},
	booktitle={MediaEval},
	year={2013}
}

@article{rabiner2007introduction,
	title={Introduction to digital speech processing},
	author={Rabiner, Lawrence R and Schafer, Ronald W},
	journal={Foundations and trends in signal processing},
	volume={1},
	number={1},
	pages={1--194},
	year={2007},
	publisher={Now publishers Inc.}
}

@article{aly2013axes,
	title={The AXES submissions at TrecVid 2013},
	author={Aly, Robin and Arandjelovic, Relja and Chatfield, Ken and Douze, Matthijs and Fernando, Basura and Harchaoui, Zaid and McGuinness, Kevin and O'Connor, Noel E and Oneata, Dan and Parkhi, Omkar M and others},
	year={2013}
}


@article{oneata2014lear,
	title={The LEAR submission at Thumos 2014},
	author={Oneata, Dan and Verbeek, Jakob and Schmid, Cordelia},
	year={2014}
}

@article{jiang2010representations,
	title={Representations of keypoint-based semantic concept detection: A comprehensive study},
	author={Jiang, Yu-Gang and Yang, Jun and Ngo, Chong-Wah and Hauptmann, Alexander G},
	journal={Multimedia, IEEE Transactions on},
	volume={12},
	number={1},
	pages={42--53},
	year={2010},
	publisher={IEEE}
}

@article{harris1954distributional,
	title={Distributional structure.},
	author={Harris, Zellig S},
	journal={Word},
	year={1954}
}

@inproceedings{csurka2004visual,
	title={Visual categorization with bags of keypoints},
	author={Csurka, Gabriella and Dance, Christopher and Fan, Lixin and Willamowski, Jutta and Bray, C{\'e}dric},
	booktitle={Workshop on statistical learning in computer vision, ECCV},
	volume={1},
	number={1-22},
	pages={1--2},
	year={2004}
}

@article{sivic2009efficient,
	title={Efficient visual search of videos cast as text retrieval},
	author={Sivic, Josef and Zisserman, Andrew},
	journal={Pattern Analysis and Machine Intelligence, IEEE Transactions on},
	volume={31},
	number={4},
	pages={591--606},
	year={2009},
	publisher={IEEE}
}

@inproceedings{jiang2010columbia,
	title={Columbia-UCF TRECVID2010 Multimedia Event Detection: Combining Multiple Modalities, Contextual Concepts, and Temporal Matching.},
	author={Jiang, Yu-Gang and Zeng, Xiaohong and Ye, Guangnan and Ellis, Dan and Chang, Shih-Fu and Bhattacharya, Subhabrata and Shah, Mubarak},
	booktitle={TRECVID},
	year={2010}
}

@inproceedings{jiang2007towards,
	title={Towards optimal bag-of-features for object categorization and semantic video retrieval},
	author={Jiang, Yu-Gang and Ngo, Chong-Wah and Yang, Jun},
	booktitle={Proceedings of the 6th ACM international conference on Image and video retrieval},
	pages={494--501},
	year={2007},
	organization={ACM}
}

@inproceedings{lazebnik2006beyond,
	title={Beyond bags of features: Spatial pyramid matching for recognizing natural scene categories},
	author={Lazebnik, Svetlana and Schmid, Cordelia and Ponce, Jean},
	booktitle={Computer Vision and Pattern Recognition, 2006 IEEE Computer Society Conference on},
	volume={2},
	pages={2169--2178},
	year={2006},
	organization={IEEE}
}
@article{merler2012semantic,
	title={Semantic model vectors for complex video event recognition},
	author={Merler, Michele and Huang, Bert and Xie, Lexing and Hua, Gang and Natsev, Apostol},
	journal={Multimedia, IEEE Transactions on},
	volume={14},
	number={1},
	pages={88--101},
	year={2012},
	publisher={IEEE}
}


@article{jaakkola1999exploiting,
	title={Exploiting generative models in discriminative classifiers},
	author={Jaakkola, Tommi and Haussler, David and others},
	journal={Advances in neural information processing systems},
	pages={487--493},
	year={1999},
	publisher={MIT; 1998}
}

@inproceedings{sun2013large,
	title={Large-scale web video event classification by use of fisher vectors},
	author={Sun, Chen and Nevatia, Ram},
	booktitle={Applications of Computer Vision (WACV), 2013 IEEE Workshop on},
	pages={15--22},
	year={2013},
	organization={IEEE}
}

@inproceedings{wang2013action,
	title={Action recognition with improved trajectories},
	author={Wang, Heng and Schmid, Cordelia},
	booktitle={Computer Vision (ICCV), 2013 IEEE International Conference on},
	pages={3551--3558},
	year={2013},
	organization={IEEE}
}

@article{sanchez2013image,
	title={Image classification with the fisher vector: Theory and practice},
	author={S{\'a}nchez, Jorge and Perronnin, Florent and Mensink, Thomas and Verbeek, Jakob},
	journal={International journal of computer vision},
	volume={105},
	number={3},
	pages={222--245},
	year={2013},
	publisher={Springer}
}

@incollection{perronnin2010improving,
	title={Improving the fisher kernel for large-scale image classification},
	author={Perronnin, Florent and S{\'a}nchez, Jorge and Mensink, Thomas},
	booktitle={Computer Vision--ECCV 2010},
	pages={143--156},
	year={2010},
	publisher={Springer}
}


@inproceedings{deng2009imagenet,
	title={Imagenet: A large-scale hierarchical image database},
	author={Deng, Jia and Dong, Wei and Socher, Richard and Li, Li-Jia and Li, Kai and Fei-Fei, Li},
	booktitle={Computer Vision and Pattern Recognition, 2009. CVPR 2009. IEEE Conference on},
	pages={248--255},
	year={2009},
	organization={IEEE}
}

@inproceedings{krizhevsky2012imagenet,
	title={Imagenet classification with deep convolutional neural networks},
	author={Krizhevsky, Alex and Sutskever, Ilya and Hinton, Geoffrey E},
	booktitle={Advances in neural information processing systems},
	pages={1097--1105},
	year={2012}
}

@incollection{bosch2006scene,
	title={Scene classification via pLSA},
	author={Bosch, Anna and Zisserman, Andrew and Mu{\~n}oz, Xavier},
	booktitle={Computer Vision--ECCV 2006},
	pages={517--530},
	year={2006},
	publisher={Springer}
}

@inproceedings{bosch2007image,
	title={Image classification using random forests and ferns},
	author={Bosch, Anna and Zisserman, Andrew and Muoz, Xavier},
	booktitle={Computer Vision, 2007. ICCV 2007. IEEE 11th International Conference on},
	pages={1--8},
	year={2007},
	organization={IEEE}
}

@inproceedings{snoek2005early,
	title={Early versus late fusion in semantic video analysis},
	author={Snoek, Cees GM and Worring, Marcel and Smeulders, Arnold WM},
	booktitle={Proceedings of the 13th annual ACM international conference on Multimedia},
	pages={399--402},
	year={2005},
	organization={ACM}
}
@article{myers2014evaluating,
	title={Evaluating multimedia features and fusion for example-based event detection},
	author={Myers, Gregory K and Nallapati, Ramesh and van Hout, Julien and Pancoast, Stephanie and Nevatia, Ramakant and Sun, Chen and Habibian, Amirhossein and Koelma, Dennis C and van de Sande, Koen EA and Smeulders, Arnold WM and others},
	journal={Machine Vision and Applications},
	volume={25},
	number={1},
	pages={17--32},
	year={2014},
	publisher={Springer}
}
@article{oh2014multimedia,
	title={Multimedia event detection with multimodal feature fusion and temporal concept localization},
	author={Oh, Sangmin and McCloskey, Scott and Kim, Ilseo and Vahdat, Arash and Cannons, Kevin J and Hajimirsadeghi, Hossein and Mori, Greg and Perera, AG Amitha and Pandey, Megha and Corso, Jason J},
	journal={Machine vision and applications},
	volume={25},
	number={1},
	pages={49--69},
	year={2014},
	publisher={Springer}
}

@incollection{mikolajczyk2002affine,
	title={An affine invariant interest point detector},
	author={Mikolajczyk, Krystian and Schmid, Cordelia},
	booktitle={Computer Vision—ECCV 2002},
	pages={128--142},
	year={2002},
	publisher={Springer}
}

@article{lowe2004distinctive,
	title={Distinctive image features from scale-invariant keypoints},
	author={Lowe, David G},
	journal={International journal of computer vision},
	volume={60},
	number={2},
	pages={91--110},
	year={2004},
	publisher={Springer}
}
@article{burghouts2009performance,
	title={Performance evaluation of local colour invariants},
	author={Burghouts, Gertjan J and Geusebroek, Jan-Mark},
	journal={Computer Vision and Image Understanding},
	volume={113},
	number={1},
	pages={48--62},
	year={2009},
	publisher={Elsevier}
}


%% Appendix
@inproceedings{arandjelovic2012three,
	title={Three things everyone should know to improve object retrieval},
	author={Arandjelovic, Relja and Zisserman, Andrew},
	booktitle={Computer Vision and Pattern Recognition (CVPR), 2012 IEEE Conference on},
	pages={2911--2918},
	year={2012},
	organization={IEEE}
}

@article{mikolajczyk2005performance,
	title={A performance evaluation of local descriptors},
	author={Mikolajczyk, Krystian and Schmid, Cordelia},
	journal={Pattern Analysis and Machine Intelligence, IEEE Transactions on},
	volume={27},
	number={10},
	pages={1615--1630},
	year={2005},
	publisher={IEEE}
}

@Article{vandeSandeTPAMI2010,
	author       = "van de Sande, K. E. A. and Gevers, T. and Snoek, C. G. M.",
	title        = "Evaluating Color Descriptors for Object and Scene Recognition",
	journal      = "IEEE Transactions on Pattern Analysis and Machine Intelligence",
	number       = "9",
	volume       = "32",
	pages        = "1582--1596",
	year         = "2010",
} 

@misc{vedaldi08vlfeat,
	Author = {A. Vedaldi and B. Fulkerson},
	Title = {{VLFeat}: An Open and Portable Library	of Computer Vision Algorithms},
	Year  = {2008},
	Url = {http://www.vlfeat.org/}
}

%% chapter 2
@misc{voicebox,
	title={VOICEBOX: Speech Processing Toolbox for MATLAB},
	author={Mike Brookes},
	url = {http://www.ee.ic.ac.uk/hp/staff/dmb/voicebox/voicebox.html},
	year = {2003}
}

@inproceedings{mathieu2010yaafe,
	title={YAAFE, an Easy to Use and Efficient Audio Feature Extraction Software.},
	author={Mathieu, Benoit and Essid, Slim and Fillon, Thomas and Prado, Jacques and Richard, Ga{\"e}l},
	Year = {2010},
}

@misc{Ellis05-rastamat,
	Author = {Daniel P. W. Ellis},
	Year = {2005},
	Title = {{PLP} and {RASTA} (and {MFCC}, and inversion) in {M}atlab},
	Url = {http://www.ee.columbia.edu/~dpwe/resources/matlab/rastamat/},
	Note = {online web resource}}