@inproceedings{lam2012nii,
  title={NII, Japan at MediaEval 2012 Violent Scenes Detection Affect Task.},
  author={Lam, Vu and Le, Duy-Dinh and Le, Sang-Phan and Shin'ichi Satoh and Duong, Duc Anh},
  booktitle={MediaEval},
  year={2012}
}

@inproceedings{phan2012codeword,
  title={A Codeword Visualization Tool for Dense Trajectory Feature},
  author={Phan, Sang and Lam, Vu and Tran, Son and Ngo, Thang Duc and Le, Duy-Dinh and Satoh, Shin’ichi},
  booktitle={Multimedia and Expo Workshops (ICMEW), 2012 IEEE International Conference on},
  pages={672--672},
  year={2012},
  organization={IEEE}
}

@article{phan2014multimedia,
  title={Multimedia event detection using segment-based approach for motion feature},
  author={Phan, Sang and Ngo, Thanh Duc and Lam, Vu and Tran, Son and Le, Duy-Dinh and Duong, Duc Anh and Satoh, Shin’ichi},
  journal={Journal of Signal Processing Systems},
  volume={74},
  number={1},
  pages={19--31},
  year={2014},
  publisher={Springer US}
}

@inproceedings{lam2013nii,
  title={NII-UIT at MediaEval 2013 Violent Scenes Detection Affect Task.},
  author={Lam, Vu and Le, Duy-Dinh and Phan, Sang and Shin'ichi Satoh and Duong, Duc Anh},
  booktitle={MediaEval},
  year={2013}
}

@inproceedings{lam2014nii,
  author    = {Vu Lam and
               Duy{-}Dinh Le and
               Sang Phan and
               Shin'ichi Satoh and
               Duc Anh Duong},
  title     = {{NII-UIT} at MediaEval 2014 Violent Scenes Detection Affect Task},
  booktitle = {Working Notes Proceedings of the MediaEval 2014 Workshop, Barcelona,
               Catalunya, Spain, October 16-17, 2014.},
  year      = {2014},
}

@article{phannii,
  title={NII, Japan at the first THUMOS Workshop 2013},
  author={Phan, Sang and Le, Duy-Dinh and Satoh, Shin’ichi}
}

@inproceedings{lam2013violent,
  title={Violent scene detection using mid-level feature},
  author={Lam, Vu and Phan, Sang and Ngo, Thanh Duc and Le, Duy-Dinh and Duong, Duc Anh and Satoh, Shin'ichi},
  booktitle={Proceedings of the Fourth Symposium on Information and Communication Technology},
  pages={198--205},
  year={2013},
  organization={ACM}
}

@incollection{ngo2014nii,
  title={Nii-uit: A tool for known item search by sequential pattern filtering},
  author={Ngo, Thanh Duc and Nguyen, Vu Hoang and Lam, Vu and Phan, Sang and Le, Duy-Dinh and Duong, Duc Anh and Satoh, Shin’ichi},
  booktitle={MultiMedia Modeling},
  pages={419--422},
  year={2014},
  publisher={Springer International Publishing}
}

@inproceedings{ngo2014recommend,
  title={Recommend-Me: recommending query regions for image search},
  author={Ngo, Thanh Duc and Phan, Sang and Le, Duy-Dinh and Satoh, Shin'ichi},
  booktitle={Proceedings of the 29th Annual ACM Symposium on Applied Computing},
  pages={913--918},
  year={2014},
  organization={ACM}
}

@inproceedings{phan2014sum,
  title={Sum-max video pooling for complex event recognition},
  author={Phan, Sang and Le, Duy-Dinh and Satoh, Shin’ichi},
  booktitle={Image Processing (ICIP), 2014 IEEE International Conference on},
  pages={1026--1030},
  year={2014},
  organization={IEEE}
}

@inproceedings{lam2013evaluation,
  title={Evaluation of low-level features for detecting violent scenes in videos},
  author={Lam, Vu and Le, Duy-Dinh and Phan, Sang and Satoh, Shin'ichi and Duong, Due Arm and Ngo, Thanh Due},
  booktitle={Soft Computing and Pattern Recognition (SoCPaR), 2013 International Conference of},
  pages={213--218},
  year={2013},
  organization={IEEE}
}

@inproceedings{PhanNLTLDS12,
  author    = {Sang Phan and
               Thanh Duc Ngo and
               Vu Lam and
               Son Tran and
               Duy{-}Dinh Le and
               Duc Anh Duong and
               Shin'ichi Satoh},
  title     = {Multimedia Event Detection Using Segment-Based Approach for Motion
               Feature},
  booktitle = {Advances in Multimedia Information Processing - {PCM} 2012 - 13th
               Pacific-Rim Conference on Multimedia, Singapore, December 4-6, 2012.
               Proceedings},
  pages     = {33--44},
  year      = {2012},
}


@inproceedings{le2013nii,
  title={National Institute of Informatics, Japan at TRECVID 2013},
  author={Duy-Dinh Le and Cai-Zhi Zhu and Sang Phan and Duc M. Nguyen and Vu Q. Lam and Duc A. Duong and Herve Jegou and  Shin'ichi Satoh},
  booktitle={TRECVID 2013 Workshop},
  year={2013}
}

@inproceedings{le2014nii,
  title={National Institute of Informatics, Japan at TRECVID 2014},
  author={Duy-Dinh Le and Sang Phan and Vinh-Tiep Nguyen and Cai-Zhi Zhu and Duc M. Nguyen and 
  Thanh Duc Ngo and Siriwat Kasamwattanarote and Poullot Sebastien and Minh-Triet Tran and Duc A. Duong and Shin'ichi Satoh},
  booktitle={TRECVID 2014 Workshop},
  year={2014}
}
